<record><leader>00000cas a22000007a 4500</leader><controlfield tag="001">10986205</controlfield><controlfield tag="008">840725d19041911ohuwr ne      0    0eng d</controlfield><datafield ind1=" " ind2=" " tag="010"><subfield code="a">sn 84028400 </subfield></datafield><datafield ind1=" " ind2=" " tag="040"><subfield code="a">NPY</subfield><subfield code="b">eng</subfield><subfield code="c">NPY</subfield><subfield code="d">ONP</subfield><subfield code="d">OCLCQ</subfield></datafield><datafield ind1=" " ind2=" " tag="042"><subfield code="a">msc</subfield></datafield><datafield ind1="0" ind2="0" tag="245"><subfield code="a">Girard weekly journal.</subfield></datafield><datafield ind1="3" ind2="0" tag="246"><subfield code="a">Portage County daily journal</subfield></datafield><datafield ind1="1" ind2="3" tag="246"><subfield code="a">Girard journal</subfield></datafield><datafield ind1=" " ind2=" " tag="260"><subfield code="a">Girard, Ohio :</subfield><subfield code="b">L.R. Benjamin</subfield></datafield><datafield ind1=" " ind2=" " tag="300"><subfield code="a">v.</subfield></datafield><datafield ind1=" " ind2=" " tag="310"><subfield code="a">Weekly</subfield></datafield><datafield ind1="1" ind2=" " tag="362"><subfield code="a">Began in 1904; ceased in 1911?</subfield></datafield><datafield ind1=" " ind2=" " tag="500"><subfield code="a">Aug. 12, 1910 issue published with title: Portage County daily journal.</subfield></datafield><datafield ind1=" " ind2=" " tag="588"><subfield code="a">Description based on: Vol. 6, no. 17 (Jan. 4, 1910).</subfield></datafield><datafield ind1=" " ind2=" " tag="752"><subfield code="a">United States</subfield><subfield code="b">Ohio</subfield><subfield code="c">Trumbull</subfield><subfield code="d">Girard.</subfield></datafield><datafield ind1="0" ind2="0" tag="780"><subfield code="t">Carroll County record (Carrollton, Ohio : 1903)</subfield><subfield code="w">(DLC)sn 92063420</subfield></datafield></record>